@article{abbasi2011improved,
  title   = {Improved algorithms for linear stochastic bandits},
  author  = {Abbasi-Yadkori, Yasin and P{\'a}l, D{\'a}vid and Szepesv{\'a}ri, Csaba},
  year    = 2011,
  journal = {Advances in neural information processing systems},
  volume  = 24
}
@inproceedings{allen2019convergence,
  title        = {A convergence theory for deep learning via over-parameterization},
  author       = {Allen-Zhu, Zeyuan and Li, Yuanzhi and Song, Zhao},
  year         = 2019,
  booktitle    = {International Conference on Machine Learning},
  pages        = {242--252},
  organization = {PMLR}
}
@article{allen2019learning,
  title   = {Learning and generalization in overparameterized neural networks, going beyond two layers},
  author  = {Allen-Zhu, Zeyuan and Li, Yuanzhi and Liang, Yingyu},
  year    = 2019,
  journal = {Advances in neural information processing systems},
  volume  = 32
}
@article{antonini2008convergence,
  title     = {Convergence of series of dependent $\varphi$-subGaussian random variables},
  author    = {Antonini, Rita Giuliano and Kozachenko, Yuriy and Volodin, Andrei},
  year      = {2008},
  journal   = {Journal of mathematical analysis and applications},
  publisher = {Elsevier},
  volume    = {338},
  number    = {2},
  pages     = {1188--1203}
}
@article{ariafar2019admmbo,
  title   = {ADMMBO: Bayesian optimization with unknown constraints using ADMM},
  author  = {Ariafar, Setareh and Coll-Font, Jaume and Brooks, Dana and Dy, Jennifer},
  year    = {2019},
  journal = {Journal of Machine Learning Research},
  volume  = {20},
  number  = {123},
  pages   = {1--26}
}
@article{arora2019exact,
  title   = {On exact computation with an infinitely wide neural net},
  author  = {Arora, Sanjeev and Du, Simon S and Hu, Wei and Li, Zhiyuan and Salakhutdinov, Russ R and Wang, Ruosong},
  year    = 2019,
  journal = {Advances in Neural Information Processing Systems},
  volume  = 32
}
@inproceedings{arora2019fine,
  title        = {Fine-grained analysis of optimization and generalization for overparameterized two-layer neural networks},
  author       = {Arora, Sanjeev and Du, Simon and Hu, Wei and Li, Zhiyuan and Wang, Ruosong},
  year         = {2019},
  booktitle    = {International Conference on Machine Learning},
  pages        = {322--332},
  organization = {PMLR}
}
@article{bergstra2012random,
  title   = {Random search for hyper-parameter optimization.},
  author  = {Bergstra, James and Bengio, Yoshua},
  year    = {2012},
  journal = {Journal of machine learning research},
  volume  = {13},
  number  = {2}
}
@article{berkenkamp2023bayesian,
  title     = {Bayesian optimization with safety constraints: safe and automatic parameter tuning in robotics},
  author    = {Berkenkamp, Felix and Krause, Andreas and Schoellig, Angela P},
  year      = {2023},
  journal   = {Machine Learning},
  publisher = {Springer},
  volume    = {112},
  number    = {10},
  pages     = {3713--3747}
}
@article{bernardo2011optimization,
  title   = {Optimization under unknown constraints},
  author  = {Bernardo, J and Bayarri, MJ and Berger, JO and Dawid, AP and Heckerman, D and Smith, AFM and West, M},
  year    = 2011,
  journal = {Bayesian Statistics},
  volume  = 9,
  number  = 9,
  pages   = 229
}
@article{blake1998uci,
  title     = {UCI repository of machine learning databases},
  author    = {Blake, Catherine},
  year      = 1998,
  publisher = {University of California, Department of Information and Computer Science}
}
@article{brochu2010tutorial,
  title   = {A tutorial on Bayesian optimization of expensive cost functions, with application to active user modeling and hierarchical reinforcement learning},
  author  = {Brochu, Eric and Cora, Vlad M and De Freitas, Nando},
  year    = 2010,
  journal = {arXiv preprint arXiv:1012.2599}
}
@inproceedings{cai2020heat,
  title     = {Heat transfer prediction with unknown thermal boundary conditions using physics-informed neural networks},
  author    = {Cai, Shengze and others},
  year      = 2020,
  booktitle = {Fluids Engineering Division Summer Meeting}
}
@article{cao2019generalization,
  title   = {Generalization bounds of stochastic gradient descent for wide and deep neural networks},
  author  = {Cao, Yuan and Gu, Quanquan},
  year    = 2019,
  journal = {Advances in neural information processing systems},
  volume  = 32
}
@inproceedings{cao2020generalization,
  title     = {Generalization error bounds of gradient descent for learning over-parameterized deep relu networks},
  author    = {Cao, Yuan and Gu, Quanquan},
  year      = {2020},
  booktitle = {Proceedings of the AAAI Conference on Artificial Intelligence},
  volume    = {34},
  pages     = {3349--3356}
}
@article{chen2019much,
  title   = {How much over-parameterization is sufficient to learn deep relu networks?},
  author  = {Chen, Zixiang and Cao, Yuan and Zou, Difan and Gu, Quanquan},
  year    = 2019,
  journal = {arXiv preprint arXiv:1911.12360}
}
@article{chen2020deep,
  title   = {Deep neural tangent kernel and laplace kernel have the same RKHS},
  author  = {Chen, Lin and Xu, Sheng},
  year    = 2020,
  journal = {arXiv preprint arXiv:2009.10683}
}
@article{chen2021solving,
  title     = {Solving and learning nonlinear PDEs with Gaussian processes},
  author    = {Chen, Yifan and Hosseini, Bamdad and Owhadi, Houman and Stuart, Andrew M},
  year      = 2021,
  journal   = {Journal of Computational Physics},
  publisher = {Elsevier},
  volume    = 447,
  pages     = 110668
}
@inproceedings{chowdhury2017kernelized,
  title        = {On kernelized multi-armed bandits},
  author       = {Chowdhury, Sayak Ray and Gopalan, Aditya},
  year         = 2017,
  booktitle    = {International Conference on Machine Learning},
  pages        = {844--853},
  organization = {PMLR}
}
@article{cortes1995support,
  title     = {Support-vector networks},
  author    = {Cortes, Corinna and Vapnik, Vladimir},
  year      = 1995,
  journal   = {Machine learning},
  publisher = {Springer},
  volume    = 20,
  number    = 3,
  pages     = {273--297}
}
@book{cover1999elements,
  title     = {Elements of information theory},
  author    = {Cover, Thomas M},
  year      = {1999},
  publisher = {John Wiley \& Sons}
}
@article{de2012exponential,
  title   = {Exponential regret bounds for Gaussian process bandits with deterministic observations},
  author  = {De Freitas, Nando and Smola, Alex and Zoghi, Masrour},
  year    = 2012,
  journal = {arXiv preprint arXiv:1206.6457}
}
@inproceedings{deng2009imagenet,
  title        = {Imagenet: A large-scale hierarchical image database},
  author       = {Deng, Jia and Dong, Wei and Socher, Richard and Li, Li-Jia and Li, Kai and Fei-Fei, Li},
  year         = 2009,
  booktitle    = {2009 IEEE conference on computer vision and pattern recognition},
  pages        = {248--255},
  organization = {IEEE}
}
@inproceedings{du2018gradient,
  title     = {Gradient Descent Provably Optimizes Over-parameterized Neural Networks},
  author    = {Du, Simon S and Zhai, Xiyu and Poczos, Barnabas and Singh, Aarti},
  year      = {2018},
  booktitle = {International Conference on Learning Representations}
}
@inproceedings{eggensperger2013towards,
  title     = {Towards an empirical foundation for assessing bayesian optimization of hyperparameters},
  author    = {Eggensperger, Katharina and Feurer, Matthias and Hutter, Frank and Bergstra, James and Snoek, Jasper and Hoos, Holger and Leyton-Brown, Kevin and others},
  year      = 2013,
  booktitle = {NIPS workshop on Bayesian Optimization in Theory and Practice},
  volume    = 10,
  number    = 3
}
@article{frazier2008knowledge,
  title     = {A knowledge-gradient policy for sequential information collection},
  author    = {Frazier, Peter I and Powell, Warren B and Dayanik, Savas},
  year      = 2008,
  journal   = {SIAM Journal on Control and Optimization},
  publisher = {SIAM},
  volume    = 47,
  number    = 5,
  pages     = {2410--2439}
}
@article{frazier2018tutorial,
  title   = {A tutorial on Bayesian optimization},
  author  = {Frazier, Peter I},
  year    = 2018,
  journal = {arXiv preprint arXiv:1807.02811}
}
@inproceedings{gardner2014bayesian,
  title     = {Bayesian optimization with inequality constraints.},
  author    = {Gardner, Jacob R and Kusner, Matt J and Xu, Zhixiang Eddie and Weinberger, Kilian Q and Cunningham, John P},
  year      = {2014},
  booktitle = {ICML},
  volume    = {2014},
  pages     = {937--945}
}
@inproceedings{gelbart2014bayesian,
  title     = {Bayesian optimization with unknown constraints},
  author    = {Gelbart, Michael A and Snoek, Jasper and Adams, Ryan P},
  year      = {2014},
  booktitle = {Proceedings of the Thirtieth Conference on Uncertainty in Artificial Intelligence},
  pages     = {250--259}
}
@article{gonzalez2015bayesian,
  title   = {Bayesian optimization for synthetic gene design},
  author  = {Gonzalez, Javier and Longworth, Joseph and James, David C and Lawrence, Neil D},
  year    = {2015},
  journal = {arXiv preprint arXiv:1505.01627}
}
@article{gramacy2016modeling,
  title     = {Modeling an augmented Lagrangian for blackbox constrained optimization},
  author    = {Gramacy, Robert B and Gray, Genetha A and Le Digabel, S{\'e}bastien and Lee, Herbert KH and Ranjan, Pritam and Wells, Garth and Wild, Stefan M},
  year      = 2016,
  journal   = {Technometrics},
  publisher = {Taylor \& Francis},
  volume    = 58,
  number    = 1,
  pages     = {1--11}
}
@article{greenhill2020bayesian,
  title     = {Bayesian optimization for adaptive experimental design: A review},
  author    = {Greenhill, Stewart and Rana, Santu and Gupta, Sunil and Vellanki, Pratibha and Venkatesh, Svetha},
  year      = {2020},
  journal   = {IEEE access},
  publisher = {IEEE},
  volume    = {8},
  pages     = {13937--13948}
}
@article{gretton2013introduction,
  title   = {Introduction to rkhs, and some simple kernel algorithms},
  author  = {Gretton, Arthur},
  year    = 2013,
  journal = {Adv. Top. Mach. Learn. Lecture Conducted from University College London},
  volume  = 16,
  pages   = {5--3}
}
@article{hazan2015steps,
  title   = {Steps toward deep kernel methods from infinite neural networks},
  author  = {Hazan, Tamir and Jaakkola, Tommi},
  year    = 2015,
  journal = {arXiv preprint arXiv:1508.05133}
}
@inproceedings{he2015delving,
  title     = {Delving deep into rectifiers: Surpassing human-level performance on imagenet classification},
  author    = {He, Kaiming and Zhang, Xiangyu and Ren, Shaoqing and Sun, Jian},
  year      = {2015},
  booktitle = {Proceedings of the IEEE international conference on computer vision},
  pages     = {1026--1034}
}
@article{he2018verideep,
  title   = {Verideep: Verifying integrity of deep neural networks through sensitive-sample fingerprinting},
  author  = {He, Zecheng and Zhang, Tianwei and Lee, Ruby B},
  year    = {2018},
  journal = {arXiv preprint arXiv:1808.03277}
}
@article{hennig2012entropy,
  title   = {Entropy Search for Information-Efficient Global Optimization.},
  author  = {Hennig, Philipp and Schuler, Christian J},
  year    = 2012,
  journal = {Journal of Machine Learning Research},
  volume  = 13,
  number  = 6
}
@article{hernandez2014predictive,
  title   = {Predictive entropy search for efficient global optimization of black-box functions},
  author  = {Hern{\'a}ndez-Lobato, Jos{\'e} Miguel and Hoffman, Matthew W and Ghahramani, Zoubin},
  year    = 2014,
  journal = {Advances in neural information processing systems},
  volume  = 27
}
@inproceedings{hernandez2015predictive,
  title        = {Predictive entropy search for bayesian optimization with unknown constraints},
  author       = {Hern{\'a}ndez-Lobato, Jos{\'e} Miguel and Gelbart, Michael and Hoffman, Matthew and Adams, Ryan and Ghahramani, Zoubin},
  year         = 2015,
  booktitle    = {International conference on machine learning},
  pages        = {1699--1707},
  organization = {PMLR}
}
@article{hernandez2016general,
  title     = {A general framework for constrained Bayesian optimization using information-based search},
  author    = {Hern{\'a}ndez-Lobato, Jos{\'e} Miguel and Gelbart, Michael A and Adams, Ryan P and Hoffman, Matthew W and Ghahramani, Zoubin},
  year      = 2016,
  publisher = {MIT Press}
}
@incollection{hoeffding1994probability,
  title     = {Probability inequalities for sums of bounded random variables},
  author    = {Hoeffding, Wassily},
  year      = 1994,
  booktitle = {The collected works of Wassily Hoeffding},
  publisher = {Springer},
  pages     = {409--426}
}
@article{hoffman2013exploiting,
  title   = {Exploiting correlation and budget constraints in bayesian multi-armed bandit optimization},
  author  = {Hoffman, Matthew W and Shahriari, Bobak and de Freitas, Nando},
  year    = 2013,
  journal = {arXiv preprint arXiv:1303.6746}
}
@inproceedings{hoffman2014correlation,
  title        = {On correlation and budget constraints in model-based bandit optimization with application to automatic machine learning},
  author       = {Hoffman, Matthew and Shahriari, Bobak and Freitas, Nando},
  year         = 2014,
  booktitle    = {Artificial Intelligence and Statistics},
  pages        = {365--374},
  organization = {PMLR}
}
@inproceedings{hutter2011sequential,
  title        = {Sequential model-based optimization for general algorithm configuration},
  author       = {Hutter, Frank and Hoos, Holger H and Leyton-Brown, Kevin},
  year         = 2011,
  booktitle    = {International conference on learning and intelligent optimization},
  pages        = {507--523},
  organization = {Springer}
}
%%All References go here
@article{jacot2018neural,
  title   = {Neural tangent kernel: Convergence and generalization in neural networks},
  author  = {Jacot, Arthur and Gabriel, Franck and Hongler, Cl{\'e}ment},
  year    = 2018,
  journal = {Advances in neural information processing systems},
  volume  = 31
}
@article{ji2019polylogarithmic,
  title   = {Polylogarithmic width suffices for gradient descent to achieve arbitrarily small test error with shallow relu networks},
  author  = {Ji, Ziwei and Telgarsky, Matus},
  year    = 2019,
  journal = {arXiv preprint arXiv:1909.12292}
}
@article{jidling2017linearly,
  title   = {Linearly constrained Gaussian processes},
  author  = {Jidling, Carl and Wahlstr{\"o}m, Niklas and Wills, Adrian and Sch{\"o}n, Thomas B},
  year    = 2017,
  journal = {Advances in Neural Information Processing Systems},
  volume  = 30
}
@article{jones1998efficient,
  title     = {Efficient global optimization of expensive black-box functions},
  author    = {Jones, Donald R and Schonlau, Matthias and Welch, William J},
  year      = 1998,
  journal   = {Journal of Global optimization},
  publisher = {Springer},
  volume    = 13,
  number    = 4,
  pages     = {455--492}
}
@article{jones2001taxonomy,
  title     = {A taxonomy of global optimization methods based on response surfaces},
  author    = {Jones, Donald R},
  year      = 2001,
  journal   = {Journal of global optimization},
  publisher = {Springer},
  volume    = 21,
  number    = 4,
  pages     = {345--383}
}
@article{ju2017designing,
  title     = {Designing nanostructures for phonon transport via Bayesian optimization},
  author    = {Ju, Shenghong and Shiga, Takuma and Feng, Lei and Hou, Zhufeng and Tsuda, Koji and Shiomi, Junichiro},
  year      = {2017},
  journal   = {Physical Review X},
  publisher = {APS},
  volume    = {7},
  number    = {2},
  pages     = {021024}
}
@inproceedings{kassraie2022neural,
  title        = {Neural contextual bandits without regret},
  author       = {Kassraie, Parnian and Krause, Andreas},
  year         = 2022,
  booktitle    = {Artificial Intelligence and Statistics},
  pages        = {240--278},
  organization = {PMLR}
}
@article{kikuchi2018bayesian,
  title     = {Bayesian optimization for efficient determination of metal oxide grain boundary structures},
  author    = {Kikuchi, Shun and Oda, Hiromi and Kiyohara, Shin and Mizoguchi, Teruyasu},
  year      = {2018},
  journal   = {Physica B: Condensed Matter},
  publisher = {Elsevier},
  volume    = {532},
  pages     = {24--28}
}
@article{kim2022deep,
  title   = {Deep Learning for Bayesian Optimization of Scientific Problems with High-Dimensional Structure},
  author  = {Kim, Samuel and Lu, Peter Y and Loh, Charlotte and Smith, Jamie and Snoek, Jasper and Soljacic, Marin},
  year    = 2022,
  journal = {Transactions on Machine Learning Research}
}
@article{kingma2014adam,
  title   = {Adam: A method for stochastic optimization},
  author  = {Kingma, Diederik P and Ba, Jimmy},
  year    = 2014,
  journal = {arXiv preprint arXiv:1412.6980}
}
@article{kumar2020test,
  title     = {A test-suite of non-convex constrained optimization problems from the real-world and some baseline results},
  author    = {Kumar, Abhishek and Wu, Guohua and Ali, Mostafa Z and Mallipeddi, Rammohan and Suganthan, Ponnuthurai Nagaratnam and Das, Swagatam},
  year      = {2020},
  journal   = {Swarm and Evolutionary Computation},
  publisher = {Elsevier},
  volume    = {56},
  pages     = {100693}
}
@article{kushner1964new,
  title     = {A new method of locating the maximum point of an arbitrary multipeak curve in the presence of noise},
  author    = {Kushner, Harold J},
  year      = 1964,
  journal   = {Journal of Fluids Engineering},
  publisher = {American Society of Mechanical Engineers},
  volume    = {86},
  number    = {1},
  pages     = {97--106}
}
@inproceedings{le2007continuous,
  title        = {Continuous neural networks},
  author       = {Le Roux, Nicolas and Bengio, Yoshua},
  year         = 2007,
  booktitle    = {Artificial Intelligence and Statistics},
  pages        = {404--411},
  organization = {PMLR}
}
@article{lecun-mnisthandwrittendigit-2010,
  title        = {{MNIST} handwritten digit database},
  author       = {LeCun, Yann and Cortes, Corinna},
  year         = 2010,
  url          = {http://yann.lecun.com/exdb/mnist/},
  added-at     = {2010-06-28T21:16:30.000+0200},
  biburl       = {https://www.bibsonomy.org/bibtex/2935bad99fa1f65e03c25b315aa3c1032/mhwombat},
  groups       = {public},
  howpublished = {http://yann.lecun.com/exdb/mnist/},
  interhash    = {21b9d0558bd66279df9452562df6e6f3},
  intrahash    = {935bad99fa1f65e03c25b315aa3c1032},
  keywords     = {MSc _checked character_recognition mnist network neural},
  lastchecked  = {2016-01-14 14:24:11},
  timestamp    = {2016-07-12T19:25:30.000+0200},
  username     = {mhwombat}
}
@incollection{lecun2002efficient,
  title     = {Efficient backprop},
  author    = {LeCun, Yann and Bottou, L{\'e}on and Orr, Genevieve B and M{\"u}ller, Klaus-Robert},
  year      = {2002},
  booktitle = {Neural networks: Tricks of the trade},
  publisher = {Springer},
  pages     = {9--50}
}
@article{lee2017deep,
  title   = {Deep neural networks as gaussian processes},
  author  = {Lee, Jaehoon and Bahri, Yasaman and Novak, Roman and Schoenholz, Samuel S and Pennington, Jeffrey and Sohl-Dickstein, Jascha},
  year    = 2017,
  journal = {arXiv preprint arXiv:1711.00165}
}
@article{lee2019wide,
  title   = {Wide neural networks of any depth evolve as linear models under gradient descent},
  author  = {Lee, Jaehoon and Xiao, Lechao and Schoenholz, Samuel and Bahri, Yasaman and Novak, Roman and Sohl-Dickstein, Jascha and Pennington, Jeffrey},
  year    = 2019,
  journal = {Advances in neural information processing systems},
  volume  = 32
}
@article{letham2019constrained,
  title   = {Constrained Bayesian Optimization with Noisy Experiments},
  author  = {Letham, Benjamin and Karrer, Brian and Ottoni, Guilherme and Bakshy, Eytan},
  year    = {2019},
  journal = {Bayesian Analysis},
  volume  = {14},
  number  = {2},
  pages   = {495--519}
}
@article{li2017rapid,
  title     = {Rapid Bayesian optimisation for synthesis of short polymer fiber materials},
  author    = {Li, g and Rub{\'\i}n de Celis Leal, David and Rana, Santu and Gupta, Sunil and Sutti and others},
  year      = 2017,
  journal   = {Scientific reports},
  publisher = {Nature Publishing Group},
  volume    = 7,
  number    = 1,
  pages     = {1--10}
}
@book{lizotte2008practical,
  title     = {Practical bayesian optimization},
  author    = {Lizotte, Daniel James},
  year      = 2008,
  publisher = {University of Alberta}
}
@article{lu2022no,
  title     = {No-regret Bayesian optimization with unknown equality and inequality constraints using exact penalty functions},
  author    = {Lu, Congwen and Paulson, Joel A},
  year      = {2022},
  journal   = {IFAC-PapersOnLine},
  publisher = {Elsevier},
  volume    = {55},
  number    = {7},
  pages     = {895--902}
}
@inproceedings{lyu2018batch,
  title        = {Batch Bayesian optimization via multi-objective acquisition ensemble for automated analog circuit design},
  author       = {Lyu, Wenlong and Yang, Fan and Yan, Changhao and Zhou, Dian and Zeng, Xuan},
  year         = 2018,
  booktitle    = {International conference on machine learning},
  pages        = {3306--3314},
  organization = {PMLR}
}
@book{matern2013spatial,
  title     = {Spatial variation},
  author    = {Mat{\'e}rn, Bertil},
  year      = 2013,
  publisher = {Springer Science \& Business Media},
  volume    = 36
}
@article{mockus1978application,
  title   = {The application of Bayesian methods for seeking the extremum},
  author  = {Mockus, Jonas and Tiesis, Vytautas and Zilinskas, Antanas},
  year    = 1978,
  journal = {Towards global optimization},
  volume  = 2,
  number  = {117-129},
  pages   = 2
}
@article{morita2022applying,
  title     = {Applying Bayesian optimization with Gaussian process regression to computational fluid dynamics problems},
  author    = {Morita, Yuki and Rezaeiravesh, Saleh and Tabatabaei, Narges and Vinuesa, Ricardo and Fukagata, Koji and Schlatter, Philipp},
  year      = 2022,
  journal   = {Journal of Computational Physics},
  publisher = {Elsevier},
  volume    = 449,
  pages     = 110788
}
@incollection{neal1996priors,
  title     = {Priors for infinite networks},
  author    = {Neal, Radford M},
  year      = 1996,
  booktitle = {Bayesian Learning for Neural Networks},
  publisher = {Springer},
  pages     = {29--53}
}
@inproceedings{nguyen2021tight,
  title        = {Tight bounds on the smallest eigenvalue of the neural tangent kernel for deep relu networks},
  author       = {Nguyen, Quynh and Mondelli, Marco and Montufar, Guido F},
  year         = 2021,
  booktitle    = {International Conference on Machine Learning},
  pages        = {8119--8129},
  organization = {PMLR}
}
@inproceedings{nguyen2023optimistic,
  title     = {Optimistic Bayesian Optimization with Unknown Constraints},
  author    = {Nguyen, Quoc Phong and Chew, Wan Theng Ruth and Song, Le and Low, Bryan Kian Hsiang and Jaillet, Patrick},
  year      = {2023},
  booktitle = {The Twelfth International Conference on Learning Representations}
}
@article{nour2020novel,
  title     = {A novel medical diagnosis model for COVID-19 infection detection based on deep features and Bayesian optimization},
  author    = {Nour, Majid and C{\"o}mert, Zafer and Polat, Kemal},
  year      = {2020},
  journal   = {Applied Soft Computing},
  publisher = {Elsevier},
  volume    = {97},
  pages     = {106580}
}
@article{novak2018bayesian,
  title   = {Bayesian deep convolutional networks with many channels are gaussian processes},
  author  = {Novak, Roman and Xiao, Lechao and Lee, Jaehoon and Bahri, Yasaman and Yang, Greg and Hron, Jiri and Abolafia, Daniel A and Pennington, Jeffrey and Sohl-Dickstein, Jascha},
  year    = 2018,
  journal = {arXiv preprint arXiv:1810.05148}
}
@article{novak2019neural,
  title   = {Neural tangents: Fast and easy infinite neural networks in python},
  author  = {Novak, Roman and Xiao, Lechao and Hron, Jiri and Lee, Jaehoon and Alemi, Alexander A and Sohl-Dickstein, Jascha and Schoenholz, Samuel S},
  year    = 2019,
  journal = {arXiv preprint arXiv:1912.02803}
}
@inproceedings{oh2018bock,
  title        = {BOCK: Bayesian optimization with cylindrical kernels},
  author       = {Oh, ChangYong and Gavves, Efstratios and Welling, Max},
  year         = 2018,
  booktitle    = {International Conference on Machine Learning},
  pages        = {3868--3877},
  organization = {PMLR}
}
@inproceedings{osborne2009gaussian,
  title        = {Gaussian processes for global optimization},
  author       = {Osborne, Michael A and Garnett, Roman and Roberts, Stephen J},
  year         = 2009,
  booktitle    = {3rd international conference on learning and intelligent optimization (LION3)},
  pages        = {1--15},
  organization = {Citeseer}
}
@article{owhadi2015bayesian,
  title     = {Bayesian numerical homogenization},
  author    = {Owhadi, Houman},
  year      = 2015,
  journal   = {Multiscale Modeling \& Simulation},
  publisher = {SIAM},
  volume    = 13,
  number    = 3,
  pages     = {812--828}
}
@article{oymak2020toward,
  title     = {Toward moderate overparameterization: Global convergence guarantees for training shallow neural networks},
  author    = {Oymak, Samet and Soltanolkotabi, Mahdi},
  year      = 2020,
  journal   = {IEEE Journal on Selected Areas in Information Theory},
  publisher = {IEEE},
  volume    = 1,
  number    = 1,
  pages     = {84--105}
}
@inproceedings{pariagreedy,
  title     = {Be Greedy--a Simple Algorithm for Blackbox Optimization using Neural Networks},
  author    = {Paria, Biswajit and P{\`o}czos, Barnab{\`a}s and Ravikumar, Pradeep and Schneider, Jeff and Suggala, Arun Sai},
  year      = 2022,
  booktitle = {ICML2022 Workshop on Adaptive Experimental Design and Active Learning in the Real World}
}
@article{penubothula2021novel,
  title     = {Novel first order bayesian optimization with an application to reinforcement learning},
  author    = {Penubothula, Santosh and Kamanchi, Chandramouli and Bhatnagar, Shalabh},
  year      = 2021,
  journal   = {Applied Intelligence},
  publisher = {Springer},
  volume    = 51,
  pages     = {1565--1579}
}
@article{phan2023neuralbo,
  title     = {NeuralBO: A black-box optimization algorithm using deep neural networks},
  author    = {Phan-Trong, Dat and Tran-The, Hung and Gupta, Sunil},
  journal   = {Neurocomputing},
  volume    = {559},
  pages     = {126776},
  year      = {2023},
  publisher = {Elsevier}
}
@inproceedings{picheny2014stepwise,
  title        = {A stepwise uncertainty reduction approach to constrained global optimization},
  author       = {Picheny, Victor},
  year         = 2014,
  booktitle    = {Artificial Intelligence and Statistics},
  pages        = {787--795},
  organization = {PMLR}
}
@article{picheny2016bayesian,
  title   = {Bayesian optimization under mixed constraints with a slack-variable augmented Lagrangian},
  author  = {Picheny, Victor and Gramacy, Robert B and Wild, Stefan and Le Digabel, Sebastien},
  year    = 2016,
  journal = {Advances in neural information processing systems},
  volume  = 29
}
@article{pretorius2020expected,
  title     = {On the expected behaviour of noise regularised deep neural networks as Gaussian processes},
  author    = {Pretorius, Arnu and Kamper, Herman and Kroon, Steve},
  year      = 2020,
  journal   = {Pattern Recognition Letters},
  publisher = {Elsevier},
  volume    = 138,
  pages     = {75--81}
}
@article{raissi2017inferring,
  title     = {Inferring solutions of differential equations using noisy multi-fidelity data},
  author    = {Raissi, Maziar and Perdikaris, Paris and Karniadakis, George Em},
  year      = 2017,
  journal   = {Journal of Computational Physics},
  publisher = {Elsevier},
  volume    = 335,
  pages     = {736--746}
}
@article{raissi2017machine,
  title     = {Machine learning of linear differential equations using Gaussian processes},
  author    = {Raissi, Maziar and Perdikaris, Paris and Karniadakis, George Em},
  year      = 2017,
  journal   = {Journal of Computational Physics},
  publisher = {Elsevier},
  volume    = 348,
  pages     = {683--693}
}
@article{raissi2018hidden,
  title     = {Hidden physics models: Machine learning of nonlinear partial differential equations},
  author    = {Raissi, Maziar and Karniadakis, George Em},
  year      = 2018,
  journal   = {Journal of Computational Physics},
  publisher = {Elsevier},
  volume    = 357,
  pages     = {125--141}
}
@article{raissi2018numerical,
  title     = {Numerical Gaussian processes for time-dependent and nonlinear partial differential equations},
  author    = {Raissi, Maziar and Perdikaris, Paris and Karniadakis, George Em},
  year      = 2018,
  journal   = {SIAM Journal on Scientific Computing},
  publisher = {SIAM},
  volume    = 40,
  number    = 1,
  pages     = {A172--A198}
}
@article{raissi2019physics,
  title     = {Physics-informed neural networks: A deep learning framework for solving forward and inverse problems involving nonlinear partial differential equations},
  author    = {Raissi, Maziar and Perdikaris, Paris and Karniadakis, George E},
  year      = 2019,
  journal   = {Journal of Computational physics},
  publisher = {Elsevier},
  volume    = 378,
  pages     = {686--707}
}
@book{rasmussen2006gaussian,
  title     = {Gaussian processes for machine learning},
  author    = {Rasmussen, Carl Edward and Williams, Christopher KI and others},
  year      = {2006},
  publisher = {Springer},
  volume    = {1}
}
@article{schiassi2021extreme,
  title     = {Extreme theory of functional connections: A fast physics-informed neural network method for solving ordinary and partial differential equations},
  author    = {Schiassi, Enrico and Furfaro, Roberto and Leake, Carl and De Florio, Mario and Johnston, Hunter and Mortari, Daniele},
  year      = 2021,
  journal   = {Neurocomputing},
  publisher = {Elsevier},
  volume    = 457,
  pages     = {334--356}
}
@article{schonlau1998global,
  title     = {Global versus local search in constrained optimization of computer models},
  author    = {Schonlau, Matthias and Welch, William J and Jones, Donald R},
  year      = 1998,
  journal   = {Lecture notes-monograph series},
  publisher = {JSTOR},
  pages     = {11--25}
}
@article{shahriari2015taking,
  title     = {Taking the human out of the loop: A review of Bayesian optimization},
  author    = {Shahriari, Bobak and Swersky, Kevin and Wang, Ziyu and Adams, Ryan P and De Freitas, Nando},
  year      = 2015,
  journal   = {Proceedings of the IEEE},
  publisher = {IEEE},
  volume    = 104,
  number    = 1,
  pages     = {148--175}
}
@inproceedings{shekhar2021significance,
  title        = {Significance of gradient information in bayesian optimization},
  author       = {Shekhar, Shubhanshu and Javidi, Tara},
  year         = 2021,
  booktitle    = {International Conference on Artificial Intelligence and Statistics},
  pages        = {2836--2844},
  organization = {PMLR}
}
@inproceedings{snelson2007local,
  title        = {Local and global sparse Gaussian process approximations},
  author       = {Snelson, Edward and Ghahramani, Zoubin},
  year         = {2007},
  booktitle    = {Artificial Intelligence and Statistics},
  pages        = {524--531},
  organization = {PMLR}
}
@article{snoek2012practical,
  title   = {Practical bayesian optimization of machine learning algorithms},
  author  = {Snoek, Jasper and Larochelle, Hugo and Adams, Ryan P},
  year    = {2012},
  journal = {Advances in neural information processing systems},
  volume  = {25}
}
@phdthesis{snoek2013bayesian,
  title  = {Bayesian optimization and semiparametric models with applications to assistive technology},
  author = {Snoek, Jasper Roland},
  year   = 2013,
  school = {Citeseer}
}
@inproceedings{snoek2015scalable,
  title        = {Scalable bayesian optimization using deep neural networks},
  author       = {Snoek, Jasper and Rippel, Oren and Swersky, Kevin and Kiros, Ryan and Satish, Nadathur and Sundaram, Narayanan and Patwary, Mostofa and Prabhat, Mr and Adams, Ryan},
  year         = {2015},
  booktitle    = {International conference on machine learning},
  pages        = {2171--2180},
  organization = {PMLR}
}
@article{springenberg2016bayesian,
  title   = {Bayesian optimization with robust Bayesian neural networks},
  author  = {Springenberg, Jost Tobias and Klein, Aaron and Falkner, Stefan and Hutter, Frank},
  year    = 2016,
  journal = {NeurIPS},
  volume  = 29
}
@article{srinivas2009gaussian,
  title   = {Gaussian process optimization in the bandit setting: No regret and experimental design},
  author  = {Srinivas, Niranjan and Krause, Andreas and Kakade, Sham M and Seeger, Matthias},
  year    = {2009},
  journal = {arXiv preprint arXiv:0912.3995}
}
@article{streltsov1999non,
  title     = {A non-myopic utility function for statistical global optimization algorithms},
  author    = {Streltsov, Simon and Vakili, Pirooz},
  year      = {1999},
  journal   = {Journal of Global Optimization},
  publisher = {Springer},
  volume    = {14},
  pages     = {283--298}
}
@article{swersky2013multi,
  title   = {Multi-task bayesian optimization},
  author  = {Swersky, Kevin and Snoek, Jasper and Adams, Ryan P},
  year    = 2013,
  journal = {Advances in neural information processing systems},
  volume  = 26
}
@article{swiler2020survey,
  title     = {A survey of constrained Gaussian process regression: Approaches and implementation challenges},
  author    = {Swiler, Laura P and Gulian, Mamikon and Frankel, Ari L and Safta, Cosmin and Jakeman, John D},
  year      = 2020,
  journal   = {Journal of Machine Learning for Modeling and Computing},
  publisher = {Begel House Inc.},
  volume    = 1,
  number    = 2
}
@inproceedings{takeno2022sequential,
  title        = {Sequential and parallel constrained max-value entropy search via information lower bound},
  author       = {Takeno, Shion and Tamura, Tomoyuki and Shitara, Kazuki and Karasuyama, Masayuki},
  year         = {2022},
  booktitle    = {International Conference on Machine Learning},
  pages        = {20960--20986},
  organization = {PMLR}
}
@inproceedings{tran2016variational,
  title     = {The variational Gaussian process},
  author    = {Tran, Dustin and Ranganath, Rajesh and Blei, David M},
  year      = {2016},
  booktitle = {4th International Conference on Learning Representations, ICLR 2016}
}
@inproceedings{tran2022regret,
  title        = {Regret bounds for expected improvement algorithms in Gaussian process bandit optimization},
  author       = {Tran-The, Hung and Gupta, Sunil and Rana, Santu and Venkatesh, Svetha},
  year         = {2022},
  booktitle    = {International Conference on Artificial Intelligence and Statistics},
  pages        = {8715--8737},
  organization = {PMLR}
}
@article{turgeon2016cognitive,
  title     = {Cognitive aging and time perception: Roles of Bayesian optimization and degeneracy},
  author    = {Turgeon, Martine and Lustig, Cindy and Meck, Warren H},
  year      = {2016},
  journal   = {Frontiers in aging neuroscience},
  publisher = {Frontiers Media SA},
  volume    = {8},
  pages     = {102}
}
@inproceedings{vakili2021information,
  title        = {On information gain and regret bounds in gaussian process bandits},
  author       = {Vakili, Sattar and Khezeli, Kia and Picheny, Victor},
  year         = {2021},
  booktitle    = {International Conference on Artificial Intelligence and Statistics},
  pages        = {82--90},
  organization = {PMLR}
}
@article{vakili2021optimal,
  title   = {Optimal order simple regret for Gaussian process bandits},
  author  = {Vakili, Sattar and Bouziani, Nacime and Jalali, Sepehr and Bernacchia, Alberto and Shiu, Da-shan},
  year    = {2021},
  journal = {Advances in Neural Information Processing Systems},
  volume  = {34},
  pages   = {21202--21215}
}
@article{valko2013finite,
  title   = {Finite-time analysis of kernelised contextual bandits},
  author  = {Valko, Michal and Korda, Nathaniel and Munos, R{\'e}mi and Flaounas, Ilias and Cristianini, Nelo},
  year    = 2013,
  journal = {preprint arXiv:1309.6869}
}
@article{wang2016bayesian,
  title   = {Bayesian optimization in a billion dimensions via random embeddings},
  author  = {Wang, Ziyu and Hutter, Frank and Zoghi, Masrour and Matheson, David and de Feitas, Nando},
  year    = 2016,
  journal = {Journal of Artificial Intelligence Research},
  volume  = 55,
  pages   = {361--387}
}
@inproceedings{wang2017max,
  title        = {Max-value entropy search for efficient Bayesian optimization},
  author       = {Wang, Zi and Jegelka, Stefanie},
  year         = 2017,
  booktitle    = {International Conference on Machine Learning},
  pages        = {3627--3635},
  organization = {PMLR}
}
@article{wang2022and,
  title     = {When and why PINNs fail to train: A neural tangent kernel perspective},
  author    = {Wang, Sifan and Yu, Xinling and Perdikaris, Paris},
  year      = 2022,
  journal   = {Journal of Computational Physics},
  publisher = {Elsevier},
  volume    = 449,
  pages     = 110768
}
@article{wangL2,
  title   = {Is $L_2$ Physics Informed Loss Always Suitable for Training Physics Informed Neural Network?},
  author  = {Wang, Chuwei and Li, Shanda and He, Di and Wang, Liwei},
  year    = 2022,
  journal = {Advances in Neural Information Processing Systems},
  volume  = 35,
  pages   = {8278--8290}
}
@article{weinstein2013cancer,
  title     = {The cancer genome atlas pan-cancer analysis project},
  author    = {Weinstein, John N and Collisson, Eric A and Mills, Gordon B and Shaw, Kenna R and Ozenberger, Brad A and Ellrott, Kyle and Shmulevich, Ilya and Sander, Chris and Stuart, Joshua M},
  year      = {2013},
  journal   = {Nature genetics},
  publisher = {Nature Publishing Group},
  volume    = {45},
  number    = {10},
  pages     = {1113--1120}
}
@article{williams1996computing,
  title   = {Computing with infinite networks},
  author  = {Williams, Christopher},
  year    = 1996,
  journal = {Advances in neural information processing systems},
  volume  = 9
}
@article{wright1999numerical,
  title   = {Numerical optimization},
  author  = {Wright, Stephen and Nocedal, Jorge and others},
  year    = 1999,
  journal = {Springer Science},
  volume  = 35,
  number  = {67-68},
  pages   = 7
}
@article{wu2017bayesian,
  title   = {Bayesian optimization with gradients},
  author  = {Wu, Jian and Poloczek, Matthias and Wilson, Andrew G and Frazier, Peter},
  year    = 2017,
  journal = {Advances in neural information processing systems},
  volume  = 30
}
@article{xu2020neural,
  title   = {Neural contextual bandits with deep representation and shallow exploration},
  author  = {Xu, Pan and Wen, Zheng and Zhao, Handong and Gu, Quanquan},
  year    = 2020,
  journal = {preprint arXiv:2012.01780}
}
@inproceedings{xu2023constrained,
  title        = {Constrained efficient global optimization of expensive black-box functions},
  author       = {Xu, Wenjie and Jiang, Yuning and Svetozarevic, Bratislav and Jones, Colin},
  year         = {2023},
  booktitle    = {International Conference on Machine Learning},
  pages        = {38485--38498},
  organization = {PMLR}
}
@article{xu2024overparametrized,
  title   = {Overparametrized Multi-layer Neural Networks: Uniform Concentration of Neural Tangent Kernel and Convergence of Stochastic Gradient Descent},
  author  = {Xu, Jiaming and Zhu, Hanjing},
  year    = {2024},
  journal = {Journal of Machine Learning Research},
  volume  = {25},
  number  = {94},
  pages   = {1--83}
}
@article{yang2019scaling,
  title   = {Scaling limits of wide neural networks with weight sharing: Gaussian process behavior, gradient independence, and neural tangent kernel derivation},
  author  = {Yang, Greg},
  year    = 2019,
  journal = {arXiv preprint arXiv:1902.04760}
}
@article{yang2019wide,
  title   = {Wide feedforward or recurrent neural networks of any architecture are gaussian processes},
  author  = {Yang, Greg},
  year    = 2019,
  journal = {Advances in Neural Information Processing Systems},
  volume  = 32
}
@article{yang2021b,
  title     = {B-PINNs: Bayesian physics-informed neural networks for forward and inverse PDE problems with noisy data},
  author    = {Yang, Liu and Meng, Xuhui and Karniadakis, George Em},
  year      = 2021,
  journal   = {Journal of Computational Physics},
  publisher = {Elsevier},
  volume    = 425,
  pages     = 109913
}
@inproceedings{zhang2021neural,
  title     = {Neural Thompson Sampling},
  author    = {Zhang, Weitong and Zhou, Dongruo and Li, Lihong and Gu, Quanquan},
  booktitle = {International Conference on Learning Representation (ICLR)},
  year      = {2021}
}
@article{zhang2023constrained,
  title   = {Constrained Bayesian Optimization with Adaptive Active Learning of Unknown Constraints},
  author  = {Zhang, Fengxue and Zhu, Zejie and Chen, Yuxin},
  year    = {2023},
  journal = {arXiv preprint arXiv:2310.08751}
}
@article{zhou2008derivative,
  title     = {Derivative reproducing properties for kernel methods in learning theory},
  author    = {Zhou, Ding-Xuan},
  year      = 2008,
  journal   = {Journal of computational and Applied Mathematics},
  publisher = {Elsevier},
  volume    = 220,
  number    = {1-2},
  pages     = {456--463}
}
@inproceedings{zhou2020neural,
  title        = {Neural contextual bandits with ucb-based exploration},
  author       = {Zhou, Dongruo and Li, Lihong and Gu, Quanquan},
  year         = 2020,
  booktitle    = {International Conference on Machine Learning},
  pages        = {11492--11502},
  organization = {PMLR}
}
@article{zhou2022kernelized,
  title   = {On kernelized multi-armed bandits with constraints},
  author  = {Zhou, Xingyu and Ji, Bo},
  year    = {2022},
  journal = {Advances in neural information processing systems},
  volume  = {35},
  pages   = {14--26}
}
@article{zou2019improved,
  title   = {An improved analysis of training over-parameterized deep neural networks},
  author  = {Zou, Difan and Gu, Quanquan},
  year    = 2019,
  journal = {Advances in neural information processing systems},
  volume  = 32
}
@inproceedings{zuluaga2013active,
  title        = {Active learning for multi-objective optimization},
  author       = {Zuluaga, Marcela and Sergent, Guillaume and Krause, Andreas and P{\"u}schel, Markus},
  year         = 2013,
  booktitle    = {International Conference on Machine Learning},
  pages        = {462--470},
  organization = {PMLR}
}

@article{hansen2021coco,
  title     = {COCO: A platform for comparing continuous optimizers in a black-box setting},
  author    = {Hansen, Nikolaus and Auger, Anne and Ros, Raymond and Mersmann, Olaf and Tu{\v{s}}ar, Tea and Brockhoff, Dimo},
  journal   = {Optimization Methods and Software},
  volume    = {36},
  number    = {1},
  pages     = {114--144},
  year      = {2021},
  publisher = {Taylor \& Francis}
}

@inproceedings{kiritchenko2005functional,
  title     = {Functional annotation of genes using hierarchical text categorization},
  author    = {Kiritchenko, Svetlana and Matwin, Stan and Famili, A Fazel and others},
  booktitle = {Proc. of the ACL Workshop on Linking Biological Literature, Ontologies and Databases: Mining Biological Semantics},
  year      = {2005}
}
@misc{auer2002finite,
  title={Finite-time Analysis of the Multiarmed Bandit Problem},
  author={Auer, P},
  year={2002},
  publisher={Kluwer Academic Publishers}
}

@article{thompson1933likelihood,
  title={On the likelihood that one unknown probability exceeds another in view of the evidence of two samples},
  author={Thompson, William R},
  journal={Biometrika},
  volume={25},
  number={3-4},
  pages={285--294},
  year={1933},
  publisher={Oxford University Press}
}

@article{russo2018tutorial,
  title={A tutorial on thompson sampling},
  author={Russo, Daniel J and Van Roy, Benjamin and Kazerouni, Abbas and Osband, Ian and Wen, Zheng and others},
  journal={Foundations and Trends{\textregistered} in Machine Learning},
  volume={11},
  number={1},
  pages={1--96},
  year={2018},
  publisher={Now Publishers, Inc.}
}
@inproceedings{agrawal2017thompson,
  title={Thompson sampling for the mnl-bandit},
  author={Agrawal, Shipra and Avadhanula, Vashist and Goyal, Vineet and Zeevi, Assaf},
  booktitle={Conference on learning theory},
  pages={76--78},
  year={2017},
  organization={PMLR}
}

@article{wu2016parallel,
  title={The parallel knowledge gradient method for batch Bayesian optimization},
  author={Wu, Jian and Frazier, Peter},
  journal={Advances in neural information processing systems},
  volume={29},
  year={2016}
}

@book{lattimore2020bandit,
  title={Bandit algorithms},
  author={Lattimore, Tor and Szepesv{\'a}ri, Csaba},
  year={2020},
  publisher={Cambridge University Press}
}
@article{bubeck2012regret,
  title={Regret analysis of stochastic and nonstochastic multi-armed bandit problems},
  author={Bubeck, S{\'e}bastien and Cesa-Bianchi, Nicolo and others},
  journal={Foundations and Trends{\textregistered} in Machine Learning},
  volume={5},
  number={1},
  pages={1--122},
  year={2012},
  publisher={Now Publishers, Inc.}
}

@article{robbins1952some,
  title={Some aspects of the sequential design of experiments},
  author={Robbins, Herbert},
  year={1952}
}

@inproceedings{agrawal2012analysis,
  title={Analysis of thompson sampling for the multi-armed bandit problem},
  author={Agrawal, Shipra and Goyal, Navin},
  booktitle={Conference on learning theory},
  pages={39--1},
  year={2012},
  organization={JMLR Workshop and Conference Proceedings}
}

@inproceedings{li2010contextual,
  title={A contextual-bandit approach to personalized news article recommendation},
  author={Li, Lihong and Chu, Wei and Langford, John and Schapire, Robert E},
  booktitle={Proceedings of the 19th international conference on World wide web},
  pages={661--670},
  year={2010}
}

@inproceedings{riquelme2018deep,
  title={Deep Bayesian Bandits Showdown: An Empirical Comparison of Bayesian Deep Networks for Thompson Sampling},
  author={Riquelme, Carlos and Tucker, George and Snoek, Jasper},
  booktitle={International Conference on Learning Representations},
  year={2018}
}

@article{tieleman2012lecture,
  title={Lecture 6.5-rmsprop: Divide the gradient by a running average of its recent magnitude},
  author={Tieleman, Tijmen},
  journal={COURSERA: Neural networks for machine learning},
  volume={4},
  number={2},
  pages={26},
  year={2012}
}

@book{hestenes1952methods,
  title={Methods of conjugate gradients for solving linear systems},
  author={Hestenes, Magnus Rudolph and Stiefel, Eduard and others},
  volume={49},
  number={1},
  year={1952},
  publisher={NBS Washington, DC}
}

@article{nelder1965simplex,
  title={A simplex method for function minimization},
  author={Nelder, John A and Mead, Roger},
  journal={The computer journal},
  volume={7},
  number={4},
  pages={308--313},
  year={1965},
  publisher={The British Computer Society}
}

@book{conn2009introduction,
  title={Introduction to derivative-free optimization},
  author={Conn, Andrew R and Scheinberg, Katya and Vicente, Luis N},
  year={2009},
  publisher={SIAM}
}
@article{kirkpatrick1983optimization,
  title={Optimization by simulated annealing},
  author={Kirkpatrick, Scott and Gelatt Jr, C Daniel and Vecchi, Mario P},
  journal={science},
  volume={220},
  number={4598},
  pages={671--680},
  year={1983},
  publisher={American association for the advancement of science}
}

@inproceedings{kennedy1995particle,
  title={Particle swarm optimization},
  author={Kennedy, James and Eberhart, Russell},
  booktitle={Proceedings of ICNN'95-international conference on neural networks},
  volume={4},
  pages={1942--1948},
  year={1995},
  organization={ieee}
}

@article{hansen2001completely,
  title={Completely derandomized self-adaptation in evolution strategies},
  author={Hansen, Nikolaus and Ostermeier, Andreas},
  journal={Evolutionary computation},
  volume={9},
  number={2},
  pages={159--195},
  year={2001},
  publisher={MIT Press}
}

